<?xml version="1.0" encoding="UTF-8"?><record xmlns="http://www.loc.gov/MARC21/slim" xmlns:cinclude="http://apache.org/cocoon/include/1.0" xmlns:zs="http://www.loc.gov/zing/srw/">
  <leader>01849cz  a2200301n  4500</leader>
  <controlfield tag="001">n  87914582 </controlfield>
  <controlfield tag="003">DLC</controlfield>
  <controlfield tag="005">20150107051019.0</controlfield>
  <controlfield tag="008">871215n| azannaabn          |a aaa      </controlfield>
  <datafield tag="010" ind1=" " ind2=" ">
    <subfield code="a">n  87914582 </subfield>
  </datafield>
  <datafield tag="035" ind1=" " ind2=" ">
    <subfield code="a">(Uk)002070751</subfield>
  </datafield>
  <datafield tag="040" ind1=" " ind2=" ">
    <subfield code="a">DLC</subfield>
    <subfield code="b">eng</subfield>
    <subfield code="e">rda</subfield>
    <subfield code="c">DLC</subfield>
    <subfield code="d">DLC</subfield>
    <subfield code="d">Uk</subfield>
  </datafield>
  <datafield tag="046" ind1=" " ind2=" ">
    <subfield code="f">19351208</subfield>
  </datafield>
  <datafield tag="100" ind1="1" ind2=" ">
    <subfield code="a">Marsh, Peter T.</subfield>
  </datafield>
  <datafield tag="370" ind1=" " ind2=" ">
    <subfield code="c">Great Britain</subfield>
    <subfield code="c">United States</subfield>
    <subfield code="f">Birmingham (England)</subfield>
    <subfield code="f">Syracuse (N.Y.)</subfield>
    <subfield code="2">naf</subfield>
  </datafield>
  <datafield tag="372" ind1=" " ind2=" ">
    <subfield code="a">History</subfield>
    <subfield code="a">Great Britain--History</subfield>
    <subfield code="a">Economics</subfield>
    <subfield code="a">Education</subfield>
    <subfield code="2">lcsh</subfield>
  </datafield>
  <datafield tag="373" ind1=" " ind2=" ">
    <subfield code="a">University of Birmingham</subfield>
    <subfield code="a">Syracuse University</subfield>
    <subfield code="a">Maxwell School of Citizenship and Public Affairs</subfield>
    <subfield code="2">naf</subfield>
  </datafield>
  <datafield tag="374" ind1=" " ind2=" ">
    <subfield code="a">College teachers</subfield>
    <subfield code="a">Educators</subfield>
    <subfield code="2">lcsh</subfield>
  </datafield>
  <datafield tag="375" ind1=" " ind2=" ">
    <subfield code="a">male</subfield>
  </datafield>
  <datafield tag="377" ind1=" " ind2=" ">
    <subfield code="a">eng</subfield>
  </datafield>
  <datafield tag="400" ind1="1" ind2=" ">
    <subfield code="a">Marsh, P. T.</subfield>
    <subfield code="q">(Peter T.)</subfield>
  </datafield>
  <datafield tag="670" ind1=" " ind2=" ">
    <subfield code="a">Contesting the boundaries of liberal and professional education, c1988:</subfield>
    <subfield code="b">CIP t.p. (Peter T. Marsh) galley (prof. of history at Syracuse Univ.)</subfield>
  </datafield>
  <datafield tag="670" ind1=" " ind2=" ">
    <subfield code="a">LC data base, 12/11/87</subfield>
    <subfield code="b">(hdg.: Marsh, Peter T.)</subfield>
  </datafield>
  <datafield tag="670" ind1=" " ind2=" ">
    <subfield code="a">BL letter from author, 24th Oct. 1988</subfield>
    <subfield code="b">(Peter Timothy Marsh, born 8th Dec. 1935)</subfield>
  </datafield>
  <datafield tag="670" ind1=" " ind2=" ">
    <subfield code="a">The Victorian Church in decline, 1969:</subfield>
    <subfield code="b">t.p. (P.T. Marsh)</subfield>
  </datafield>
  <datafield tag="670" ind1=" " ind2=" ">
    <subfield code="a">The cutting edge : Matthew Boulton College 1890-2005, 2006:</subfield>
    <subfield code="b">t.p. (Peter T. Marsh)</subfield>
  </datafield>
  <datafield tag="670" ind1=" " ind2=" ">
    <subfield code="a">Syracuse Univ. website, 6 Jan. 2015:</subfield>
    <subfield code="b">Maxwell School (Peter T. Marsh; Professor Emeritus, History; Ph.D., University of Cambridge, 1962; specialties: 19th/20th century Britain and international political economy; Honorary Professor of History, University of Birmingham; lists publications incl. "Contesting the boundaries of liberal and professional education", "The Victorian church in decline", "Joseph Chamberlain, entrepreneur in politics", etc.)</subfield>
  </datafield>
  <datafield tag="670" ind1=" " ind2=" ">
    <subfield code="a">His LinkedIn profile, 6 Jan. 2015</subfield>
    <subfield code="b">(Peter T Marsh; independent education management professional; Birmingham, UK; education: University of Cambridge)</subfield>
  </datafield>
</record>